@article{assmann2004,
	title={Monotheism and polytheism},
	author={Assmann, Jan},
	journal={Johnston 2004a},
	pages={17--31},
	year=2004,
	url={http://archiv.ub.uni-heidelberg.de/propylaeumdok/2978/1/Assmann_Monotheism_and_Polytheism.pdf}
}

@incollection{boyle2003,
	author      = {Boyle, James},
	title       = {O segundo movimento de emparcelamento e a construção do domínio público},
	editor      = {Anabela Afonso, António Rosa & Manuel Damásio},
	booktitle   = {A economia da propriedade intelectual e os novos media: entre a inovação e a proteção},
	publisher   = {Editora Guerra e Paz},
	address     = {Lisboa},
	year        = 2003,
	pages       = {20--57}
}

@book{carmelo2014,
	author    = {Carmelo, Luis}, 
	title     = {Genealogias da cultura},
	publisher = {Editora Arranha céus},
	year      = 2014,
	address   = {Lisboa},
}

@book{carr2012,
	author    = {Carr, Nicholas}, 
	title     = {Os superficiais},
	publisher = {Editora Gradiva},
	year      = 2012,
	address   = {Lisboa},
}

@article{sponholz2010,
	title={O papel do jornalismo nas controvérsias},
	author={Sponholz, Liriam},
	journal={Estudos em Jornalismo e Mídia},
	volume={7},
	number={1},
	pages={165--172},
	year={2010}
	url={https://periodicos.ufsc.br/index.php/jornalismo/article/viewFile/1984-6924.2010v7n1p165/1270}
}

@article{hu2006closed,
	title={Closed Borders and Open Secrets: Regional Lockout, the Film Industry, and Code-Free DVD Players},
	author={Hu, Brian},
	journal={Mediascape},
	volume={1},
	number={2},
	pages={1},
	year={2006}
	url={http://www.tft.ucla.edu/mediascape/archive/volume01/number02/reviews/hu.html}
}